@inproceedings{DevopsCICD1,
  	author={Virmani, Manish},
	booktitle={Fifth International Conference on the Innovative Computing Technology (INTECH 2015)}, 
	title={Understanding DevOps and bridging the gap from continuous integration to continuous delivery}, 
	year={2015},
	pages={78-82},
	doi={10.1109/INTECH.2015.7173368}
}

@inproceedings{DevopsDef1,
	author = {Jabbari, Ramtin and bin Ali, Nauman and Petersen, Kai and Tanveer, Binish},
	title = {What is DevOps? A Systematic Mapping Study on Definitions and Practices},
	year = {2016},
	publisher = {Association for Computing Machinery},
	doi = {10.1145/2962695.2962707},
	booktitle = {Proceedings of the Scientific Workshop Proceedings of XP2016}
}

@misc{DevopsDef2,
	title={What is DevOps?},
	note={URL: \url{https://aws.amazon.com/devops/what-is-devops/} [Accessed: 2024-05-07]}
}

@misc{DevopsAgile,
	title={Manifesto for agile software development},
	author={K. Beck, M. Beedle, A. Van Bennekum, A. Cockburn, W. Cunningham, M. Fowler,
	J. Grenning, J. Highsmith, A. Hunt, R. Jeffries},
	year={2001},
	note={URL: \url{https://agilemanifesto.org/} [Accessed: 2024-02-17]}
}

@book{DevopsCD,
	author={Jez Humble and David Farley},
	title={Continuous Delivery: Reliable Software Releases through Build, Test, and Deployment Automation},
	publisher={Addison-Wesley Professional},
	year = "2010"
}

@book{Devopsgitops,
	author={Florian Beetz, Anja Kammer, and Dr. Simon Harrer},
	title={GitOps Cloud-native Continuous Deployment},
	year={2021}
}

@misc{Devopstrunk,
	author={paul-hammant},
	title={Trunk Based Development},
	note={URL: \url{https://trunkbaseddevelopment.com/} [Accessed: 2023-11-01]}
}

@inbook{DevopsIaac1,
	author={M. Huttermann},
	chapter={Infrastructure as Code},
	title={DevOps for Developers},
	year={2012}
}

@inproceedings{DevopsIaac2,
	title={DevOps: introducing infrastructure-as-code},
	author={Artac, Matej and Borovssak, Tadej and Di Nitto, Elisabetta and Guerriero, Michele and Tamburri, Damian Andrew},
	booktitle={2017 IEEE/ACM 39th International Conference on Software Engineering Companion (ICSE-C)},
	pages={497--498},
	month={May},
	year={2017},
	doi={10.1109/ICSE-C.2017.162}
}

@Article{DevopsMonitor,
	title={A taxonomy and catalog of runtime software-fault monitoring tools},
	author={Delgado, Nelly and Gates, Ann Q and Roach, Steve},
	journal={IEEE Transactions on software Engineering},
	volume={30},
	number={12},
	pages={859--872},
	year={2004},
	publisher={IEEE}
}

@Article{Devopsorg,
	author={N. Forsgren and J. Humble},
	title={The role of continuous delivery in IT and organizational performance},
	booktitle={Western Decision Sciences Institute (WDSI)},
	year={2016},
	month={March},
	doi={10.2139/ssrn.2681909}
}

@inproceedings{DevopsCICD2,
	title={Continuous integration and continuous delivery pipeline automation for agile software project management},
	author={Arachchi, SAIBS and Perera, Indika},
	booktitle={Moratuwa Engineering Research Conference (MERCon)},
	pages={156--161},
	year={2018},
	month={May},
	doi={10.1109/MERCon.2018.8421965}
}

@inproceedings{virtualization1,
	author={F Rodriguez-Haro, F Freitag, L Navarro, E Hernanchez-sanchez},
	title={A summary of virtualization techniques},
	booktitle{Iberoamerican Conference on Electronics Engineering and Computer Science},
	year={2012},
	doi={10.1016/j.protcy.2012.03.029}
}

@misc{virtualization2,
	title={What is Virtualization?},
	note={URL: \url{https://aws.amazon.com/what-is/virtualization/} [Accessed: 2024-05-08]}
}

@misc{Docker1,
	title={Docker},
	note={URL: \url{https://docs.docker.com/} [Accessed: 2023-05-18]}
}

@misc{Docker2,
	title={Containerization},
	note={URL: \url{https://www.ibm.com/topics/containerization} [Accessed: 2023-05-21]}
}

@Article{Dockervm,
	title={Performance evaluation of docker container and virtual machine},
	author={Potdar, Amit M and Narayan, DG and Kengond, Shivaraj and Mulla, Mohammed Moin},
	journal={Procedia Computer Science},
	volume={171},
	pages={1419--1428},
	year={2020},
	publisher={Elsevier}
	month={June},
	doi={10.1016/j.procs.2020.04.152}
}

@inproceefings{MLOpsPipeline1,
	author={Y. Zhou, Y. Yu, and B. Ding},
	title={Towards MLOps: A Case Study of ML Pipeline Platform},
	booktitle={International Conference on Artificial Intelligence and Computer Engineering (ICAICE)},
	year={2020},
	month={October},
	doi={10.1109/ICAICE51518.2020.00102}
}

@inproceedings{MLOpsWO1,
	author={Tamburri, Damian A.},
	booktitle={2020 22nd International Symposium on Symbolic and Numeric Algorithms for Scientific Computing (SYNASC)}, 
	title={Sustainable MLOps: Trends and Challenges}, 
	year={2020},
	pages={17-23},
	doi={10.1109/SYNASC51798.2020.00015}}
}

@Article{MLOpsCT1,
	AUTHOR = {Karamitsos, Ioannis and Albarhami, Saeed and Apostolopoulos, Charalampos},
	TITLE = {Applying DevOps Practices of Continuous Automation for Machine Learning},
	JOURNAL = {Information},
	VOLUME = {11},
	YEAR = {2020},
	NUMBER = {7},
	DOI = {10.3390/info11070363}
}

@inproceedings{MLOpsCT2,
	title={Continuous Deployment of Machine Learning Pipelines.},
	author={Derakhshan, Behrouz and Mahdiraji, Alireza Rezaei and Rabl, Tilmann and Markl, Volker},
	booktitle={EDBT},
	pages={397--408},
	year={2019},
	month={March},
	doi={10.5441/002/edbt.2019.35},
}

